<?xml version="1.0" encoding="UTF-8" ?>
<collection xmlns:xsi="http://www.w3.org/2001/XMLSchema-instance"
    xsi:schemaLocation="http://www.loc.gov/MARC21/slim
        http://www.loc.gov/standards/marcxml/schema/MARC21slim.xsd"
    xmlns="http://www.loc.gov/MARC21/slim">
<record>
  <leader>00252cam a2200481 i 4500</leader>
  <controlfield tag="001">b12539053</controlfield>
  <controlfield tag="003">LeBAU</controlfield>
  <controlfield tag="005">20200601</controlfield>
  <controlfield tag="008">970725s1947    iq ac    b    ||1 0cara d</controlfield>
  <datafield tag="035" ind1=" " ind2=" ">
    <subfield code="a">ocn784394408</subfield>
  </datafield>
  <datafield tag="040" ind1=" " ind2=" ">
    <subfield code="a">LEAUB</subfield>
    <subfield code="b">ara</subfield>
    <subfield code="e">rda</subfield>
    <subfield code="c">LEAUB</subfield>
    <subfield code="d">LEAUB</subfield>
  </datafield>
  <datafield tag="082" ind1="0" ind2="4">
    <subfield code="a">892.709</subfield>
    <subfield code="2">23</subfield>
  </datafield>
  <datafield tag="100" ind1="1" ind2=" ">
    <subfield code="6">880-01</subfield>
    <subfield code="a">Miskūnī, Yūsuf Yaʻqūb.</subfield>
    <subfield code="e">author.</subfield>
    <subfield code="0">http://id.loc.gov/authorities/names/nr92001702 ,</subfield>
  </datafield>
  <datafield tag="245" ind1="1" ind2="0">
    <subfield code="6">880-02</subfield>
    <subfield code="a">Min ʻabqarīyāt nisāʼ al-qarn al-tāsiʻ ʻashar :</subfield>
    <subfield code="b">dirāsāt adabīyah min waḥy al-māḍī lil-shāʻirāt al-adībāt: al-Sayyidah ʻĀʼisha al-Naymūrīyah, wa-al-Sayyidah Wardah al-Yāzijī, wa-al-Sayyidah Zaynab Fawwāz al-ʻĀmilīyah, maʻa muqaddimah ʻan makānat al-marʼah fī ḥayātinā al-ijtimāʻīyah /</subfield>
    <subfield code="c">Yūsuf Yaʻqūb Miskūnī ; qaddama la-hu al-marḥūm al-ṭayyib al-dhikr al-Ab Anistās Mārī al-Karmilī, min aḥfiyāʼ Majmaʻ Fuʼād al-Awwal lil-Lughah al-ʻArabīyah wa-ʻuḍw al-Majmaʻ al-ʻIlmī al-ʻArabī bi-Dimashq wa-ʻuḍw Lajnat al-Tarjamah wa-al-Taʼlīf wa-al-Nashr bi-Baghdād.</subfield>
  </datafield>
  <datafield tag="250" ind1=" " ind2=" ">
    <subfield code="6">880-03</subfield>
    <subfield code="a">al-Ṭabʻah al-thāniyah, munaqqaḥah wa-mazīdah.</subfield>
  </datafield>
  <datafield tag="264" ind1=" " ind2="1">
    <subfield code="6">880-04</subfield>
    <subfield code="a">Baghdād :</subfield>
    <subfield code="b">Maṭbaʻat al-Maʻārif,</subfield>
    <subfield code="c">1366 H. = 1947 M.</subfield>
  </datafield>
  <datafield tag="300" ind1=" " ind2=" ">
    <subfield code="6">880-05</subfield>
    <subfield code="a">1 volume (a-gh, 255 pages) :</subfield>
    <subfield code="b">illustrations, portrait ;</subfield>
    <subfield code="c">22 cm</subfield>
  </datafield>
  <datafield tag="336" ind1=" " ind2=" ">
    <subfield code="a">text</subfield>
    <subfield code="b">txt</subfield>
    <subfield code="2">rdacontent</subfield>
  </datafield>
  <datafield tag="336" ind1=" " ind2=" ">
    <subfield code="a">still image</subfield>
    <subfield code="b">sti</subfield>
    <subfield code="2">rdacontent</subfield>
  </datafield>
  <datafield tag="337" ind1=" " ind2=" ">
    <subfield code="a">unmediated</subfield>
    <subfield code="b">n</subfield>
    <subfield code="2">rdamedia</subfield>
  </datafield>
  <datafield tag="338" ind1=" " ind2=" ">
    <subfield code="a">volume</subfield>
    <subfield code="b">nc</subfield>
    <subfield code="2">rdacarrier</subfield>
  </datafield>
  <datafield tag="500" ind1=" " ind2=" ">
    <subfield code="a">من المرجح انه لم يتم اصدار جزء آخر من الكتاب.</subfield>
  </datafield>
  <datafield tag="504" ind1=" " ind2=" ">
    <subfield code="a">يتضمن مراجع ببليوغرافية وكشافات.</subfield>
  </datafield>
  <datafield tag="600" ind1="1" ind2="4">
    <subfield code="a">التيمورية، عائشة،</subfield>
    <subfield code="d">1840 او 1841-1902 او 1903</subfield>
    <subfield code="x">تفسير وتأويل.</subfield>
  </datafield>
  <datafield tag="600" ind1="1" ind2="4">
    <subfield code="a">اليازجي، وردة،</subfield>
    <subfield code="d">1837 او 1838-1923 او 1924</subfield>
    <subfield code="x">نقد وتأويل.</subfield>
  </datafield>
  <datafield tag="600" ind1="1" ind2="4">
    <subfield code="a">فواز، زينب،</subfield>
    <subfield code="d">1859 او 1860-1914</subfield>
    <subfield code="x">نقد وتأويل.</subfield>
  </datafield>
  <datafield tag="600" ind1="1" ind2="0">
    <subfield code="a">Taymūrīyah, ʻĀʼishah,</subfield>
    <subfield code="d">1840 or 1841-1902 or 1903</subfield>
    <subfield code="x">Criticism and interpretation.</subfield>
  </datafield>
  <datafield tag="600" ind1="1" ind2="0">
    <subfield code="a">Yāzijī, Wardah,</subfield>
    <subfield code="d">1837 or 1838-1923 or 1924</subfield>
    <subfield code="x">Criticism and interpretation.</subfield>
  </datafield>
  <datafield tag="600" ind1="1" ind2="0">
    <subfield code="a">Fawwāz, Zaynab,</subfield>
    <subfield code="d">1859 or 1860-1914</subfield>
    <subfield code="x">Criticism and interpretation.</subfield>
  </datafield>
  <datafield tag="650" ind1=" " ind2="4">
    <subfield code="a">الشعر العربي</subfield>
    <subfield code="y">القرن التاسع عشر</subfield>
    <subfield code="x">تاريخ ونقد.</subfield>
  </datafield>
  <datafield tag="650" ind1=" " ind2="0">
    <subfield code="a">Arabic poetry</subfield>
    <subfield code="y">19th century</subfield>
    <subfield code="x">History and criticism.</subfield>
  </datafield>
  <datafield tag="700" ind1="1" ind2=" ">
    <subfield code="6">880-06</subfield>
    <subfield code="a">Anistās Mārī, al-Karmilī,</subfield>
    <subfield code="c">ab,</subfield>
    <subfield code="d">1866-1947.</subfield>
    <subfield code="e">author of introduction, etc.</subfield>
    <subfield code="0">http://id.loc.gov/authorities/names/nr90015315 ,</subfield>
  </datafield>
  <datafield tag="852" ind1=" " ind2=" ">
    <subfield code="a">Jafet Library</subfield>
    <subfield code="e">American University of Beirut, Bliss Street , Beirut, Lebanon.</subfield>
  </datafield>
  <datafield tag="880" ind1="1" ind2=" ">
    <subfield code="6">100-01/(3/r</subfield>
    <subfield code="a">مسكوني، يوسف يعقوب،</subfield>
    <subfield code="0">http://id.loc.gov/authorities/names/nr92001702 ,</subfield>
    <subfield code="e">مؤلف. </subfield>
    <subfield code="4">aut.</subfield>
  </datafield>
  <datafield tag="880" ind1="1" ind2="0">
    <subfield code="6">245-02/(3/r</subfield>
    <subfield code="a">من عبقريات نساء القرن التاسع عشر :</subfield>
    <subfield code="b">دراسات ادبية من وحي الماضي للشاعرات الأديبات: السيدة عائشة النيمورية، والسيدة وردة اليازجي، والسيدة زينب فواز العاملية، مع مقدمة عن مكانة المرأة في حياتنا الاجتماعية /</subfield>
    <subfield code="c">يوسف يعقوب مسكوني ؛ قدم له المرحوم الطيب الذكر الأب أنستاس ماري الكرملي، من أحفياء مجمع فؤاد الأول للغة العربية وعضوالمجمع العلمي العربي بدمشق وعضو لجنة الترجمة والتأليف والنشر ببغداد.</subfield>
  </datafield>
  <datafield tag="880" ind1=" " ind2=" ">
    <subfield code="6">250-03/(3/r</subfield>
    <subfield code="a">الطبعة الثانية منقحة ومزيدة.</subfield>
  </datafield>
  <datafield tag="880" ind1=" " ind2="1">
    <subfield code="6">264-04/(3/r</subfield>
    <subfield code="a">بغداد :</subfield>
    <subfield code="b">مطبعة المعارف،</subfield>
    <subfield code="c">1366 هـ. = 1947 م.</subfield>
  </datafield>
  <datafield tag="880" ind1=" " ind2=" ">
    <subfield code="6">300-05/(3/r</subfield>
    <subfield code="a">1 جزء (أ-غ، 255 صفحة) :</subfield>
    <subfield code="b">مصورات، صورة شخصانية ؛</subfield>
    <subfield code="c">22 سم</subfield>
  </datafield>
  <datafield tag="880" ind1="1" ind2=" ">
    <subfield code="6">700-06/(3/r</subfield>
    <subfield code="a">أنستاس ماري،</subfield>
    <subfield code="c">الكرملي، الاب،</subfield>
    <subfield code="d">1866-1947،</subfield>
    <subfield code="0">http://id.loc.gov/authorities/names/nr90015315 ,</subfield>
    <subfield code="e">مؤلف مقدمة. </subfield>
    <subfield code="4">aui.</subfield>
  </datafield>
  <datafield tag="907" ind1=" " ind2=" ">
    <subfield code="a">.b12539053</subfield>
    <subfield code="b">20-06-01</subfield>
    <subfield code="c">11-05-24</subfield>
  </datafield>
  <datafield tag="907" ind1=" " ind2=" ">
    <subfield code="a">.b12539053</subfield>
    <subfield code="b">15-10-15</subfield>
    <subfield code="c">11-05-24</subfield>
  </datafield>
  <datafield tag="945" ind1=" " ind2=" ">
    <subfield code="f">J</subfield>
    <subfield code="a">892.709:M392mA:v.1</subfield>
    <subfield code="i">00511352</subfield>
    <subfield code="j">.i13042762</subfield>
    <subfield code="l">u0503</subfield>
  </datafield>
  <datafield tag="998" ind1=" " ind2=" ">
    <subfield code="a">u05</subfield>
    <subfield code="b">97-07-25</subfield>
    <subfield code="c">m</subfield>
    <subfield code="d">a  </subfield>
    <subfield code="e">-</subfield>
    <subfield code="f">ara</subfield>
    <subfield code="g">iq </subfield>
    <subfield code="h">0</subfield>
    <subfield code="i">1</subfield>
  </datafield>
</record>
</collection>
